<collection xmlns="http://www.loc.gov/MARC21/slim">
   <record>
      <leader>05245nam a2200829 i 4500</leader>
      <controlfield tag="001">6812147</controlfield>
      <controlfield tag="003">MiAaPQ</controlfield>
      <controlfield tag="006">m     o  d |      </controlfield>
      <controlfield tag="007">cr cnu||||||||</controlfield>
      <controlfield tag="008">150310t20152015enk     ob    001 0 eng d</controlfield>
      <datafield ind1=" " ind2=" " tag="020">
         <subfield code="a">9781119053927 (e-book)</subfield>
      </datafield>
      <datafield ind1=" " ind2=" " tag="020">
         <subfield code="z">9781848217652</subfield>
      </datafield>
      <datafield ind1=" " ind2=" " tag="035">
         <subfield code="a">ocn902804403</subfield>
      </datafield>
      <datafield ind1=" " ind2=" " tag="039">
         <subfield code="a">exclude</subfield>
      </datafield>
      <datafield ind1=" " ind2=" " tag="040">
         <subfield code="a">MiAaPQ</subfield>
         <subfield code="b">eng</subfield>
         <subfield code="e">rda</subfield>
         <subfield code="e">pn</subfield>
         <subfield code="c">MiAaPQ</subfield>
         <subfield code="d">MiAaPQ</subfield>
         <subfield code="d">AEU</subfield>
      </datafield>
      <datafield ind1=" " ind2="4" tag="050">
         <subfield code="a">QA614.8</subfield>
         <subfield code="b">.A93 2015</subfield>
      </datafield>
      <datafield ind1="0" ind2=" " tag="082">
         <subfield code="a">515.352</subfield>
         <subfield code="2">23</subfield>
      </datafield>
      <datafield ind1=" " ind2=" " tag="090">
         <subfield code="a">Internet Access</subfield>
         <subfield code="b">AEC</subfield>
      </datafield>
      <datafield ind1=" " ind2=" " tag="090">
         <subfield code="a">Internet Access</subfield>
         <subfield code="b">AGPC</subfield>
      </datafield>
      <datafield ind1=" " ind2=" " tag="090">
         <subfield code="a">Internet Access</subfield>
         <subfield code="b">AEGMCT</subfield>
      </datafield>
      <datafield ind1=" " ind2=" " tag="090">
         <subfield code="a">Internet Access</subfield>
         <subfield code="b">ARDC</subfield>
      </datafield>
      <datafield ind1=" " ind2=" " tag="090">
         <subfield code="a">Internet Access</subfield>
         <subfield code="b">AEC</subfield>
      </datafield>
      <datafield ind1=" " ind2=" " tag="090">
         <subfield code="a">Internet Access</subfield>
         <subfield code="b">AGPC</subfield>
      </datafield>
      <datafield ind1=" " ind2=" " tag="090">
         <subfield code="a">Internet Access</subfield>
         <subfield code="b">AEGMCT</subfield>
      </datafield>
      <datafield ind1=" " ind2=" " tag="090">
         <subfield code="a">Internet Access</subfield>
         <subfield code="b">ARDC</subfield>
      </datafield>
      <datafield ind1=" " ind2=" " tag="090">
         <subfield code="a">Internet Access</subfield>
         <subfield code="b">AEU</subfield>
      </datafield>
      <datafield ind1="1" ind2=" " tag="100">
         <subfield code="a">Aubry, Jean-Francois,</subfield>
         <subfield code="e">author.</subfield>
      </datafield>
      <datafield ind1="1" ind2="0" tag="245">
         <subfield code="a">Systems dependability assessment  :</subfield>
         <subfield code="b">modeling with graphs and finite state automata /</subfield>
         <subfield code="c">Jean-Francois Aubry, Nicolae Brinzei.</subfield>
      </datafield>
      <datafield ind1=" " ind2="1" tag="264">
         <subfield code="a">London, [England] ;</subfield>
         <subfield code="a">Hoboken, New Jersey :</subfield>
         <subfield code="b">John Wiley &amp; Sons :</subfield>
         <subfield code="b">ISTE Limited,</subfield>
         <subfield code="c">2015.</subfield>
      </datafield>
      <datafield ind1=" " ind2="4" tag="264">
         <subfield code="c">©2015</subfield>
      </datafield>
      <datafield ind1=" " ind2=" " tag="300">
         <subfield code="a">1 online resource (198 pages).</subfield>
      </datafield>
      <datafield ind1=" " ind2=" " tag="336">
         <subfield code="a">text</subfield>
         <subfield code="2">rdacontent</subfield>
         <subfield code="0">http://id.loc.gov/vocabulary/contentTypes/txt</subfield>
      </datafield>
      <datafield ind1=" " ind2=" " tag="337">
         <subfield code="a">computer</subfield>
         <subfield code="b">c</subfield>
         <subfield code="2">rdamedia</subfield>
         <subfield code="0">http://id.loc.gov/vocabulary/mediaTypes/c</subfield>
      </datafield>
      <datafield ind1=" " ind2=" " tag="338">
         <subfield code="a">online resource</subfield>
         <subfield code="b">cr</subfield>
         <subfield code="2">rdacarrier</subfield>
         <subfield code="0">http://id.loc.gov/vocabulary/carriers/cr</subfield>
      </datafield>
      <datafield ind1="1" ind2=" " tag="490">
         <subfield code="a">Focus Series</subfield>
      </datafield>
      <datafield ind1="1" ind2=" " tag="490">
         <subfield code="a">Risk management and dependability series</subfield>
      </datafield>
      <datafield ind1=" " ind2=" " tag="504">
         <subfield code="a">Includes bibliographical references and index.</subfield>
      </datafield>
      <datafield ind1=" " ind2=" " tag="506">
         <subfield code="a">Access restricted to authorized users and institutions.</subfield>
      </datafield>
      <datafield ind1=" " ind2=" " tag="588">
         <subfield code="a">Description based on print version record.</subfield>
      </datafield>
      <datafield ind1=" " ind2=" " tag="596">
         <subfield code="a">21 35 44 57 60</subfield>
      </datafield>
      <datafield ind1=" " ind2="0" tag="650">
         <subfield code="a">Computational complexity.</subfield>
         <subfield code="0">http://id.loc.gov/authorities/subjects/sh85029473</subfield>
      </datafield>
      <datafield ind1=" " ind2="0" tag="650">
         <subfield code="a">Invariant sets.</subfield>
         <subfield code="0">http://id.loc.gov/authorities/subjects/sh99011720</subfield>
      </datafield>
      <datafield ind1=" " ind2="0" tag="650">
         <subfield code="a">System theory.</subfield>
         <subfield code="0">http://id.loc.gov/authorities/subjects/sh85131743</subfield>
      </datafield>
      <datafield ind1="1" ind2=" " tag="700">
         <subfield code="a">Brinzei, Nicolae,</subfield>
         <subfield code="e">author.</subfield>
      </datafield>
      <datafield ind1=" " ind2=" " tag="758">
         <subfield code="0">http://worldcat.org/entity/work/id/23849557</subfield>
      </datafield>
      <datafield ind1="0" ind2=" " tag="787">
         <subfield code="n">OCLC Work Id</subfield>
         <subfield code="o">http://worldcat.org/entity/work/id/23849557</subfield>
      </datafield>
      <datafield ind1=" " ind2="0" tag="830">
         <subfield code="a">Focus Series.</subfield>
         <subfield code="0">http://id.loc.gov/authorities/names/no2009173987</subfield>
      </datafield>
      <datafield ind1=" " ind2="0" tag="830">
         <subfield code="a">Risk management and dependability series.</subfield>
         <subfield code="0">http://id.loc.gov/authorities/names/no2015010249</subfield>
      </datafield>
      <datafield ind1="4" ind2="0" tag="856">
         <subfield code="3">Concordia University of Edmonton Access</subfield>
         <subfield code="u">http://ebookcentral.proquest.com/lib/concordiaab-ebooks/detail.action?docID=1895318</subfield>
         <subfield code="z">(Unlimited Concurrent Users)</subfield>
         <subfield code="z">from Ebook Central Academic Complete</subfield>
      </datafield>
      <datafield ind1="4" ind2="0" tag="856">
         <subfield code="3">Grande Prairie Regional College Access</subfield>
         <subfield code="u">http://ebookcentral.proquest.com/lib/gprc-ebooks/detail.action?docID=1895318</subfield>
         <subfield code="z">(Unlimited Concurrent Users)</subfield>
         <subfield code="z">from Ebook Central Academic Complete</subfield>
      </datafield>
      <datafield ind1="4" ind2="0" tag="856">
         <subfield code="3">MacEwan University Access</subfield>
         <subfield code="u">http://ebookcentral.proquest.com/lib/macewan-ebooks/detail.action?docID=1895318</subfield>
         <subfield code="z">(Unlimited Concurrent Users)</subfield>
         <subfield code="z">from Ebook Central Academic Complete</subfield>
      </datafield>
      <datafield ind1="4" ind2="0" tag="856">
         <subfield code="3">Red Deer College Access</subfield>
         <subfield code="u">http://ebookcentral.proquest.com/lib/rdc/detail.action?docID=1895318</subfield>
         <subfield code="z">(Unlimited Concurrent Users)</subfield>
         <subfield code="z">from Ebook Central Academic Complete</subfield>
      </datafield>
      <datafield ind1="4" ind2="0" tag="856">
         <subfield code="3">Concordia University of Edmonton Access</subfield>
         <subfield code="u">http://site.ebrary.com/lib/concordiaab/Doc?id=11017939</subfield>
         <subfield code="z">(Unlimited Concurrent Users)</subfield>
         <subfield code="z">from ebrary Academic Complete</subfield>
      </datafield>
      <datafield ind1="4" ind2="0" tag="856">
         <subfield code="3">Grande Prairie Regional College Access</subfield>
         <subfield code="u">http://ezproxy.agpc.talonline.ca:80/login?url=http://site.ebrary.com/lib/gprc/Doc?id=11017939</subfield>
         <subfield code="z">(Unlimited Concurrent Users)</subfield>
         <subfield code="z">from ebrary Academic Complete</subfield>
      </datafield>
      <datafield ind1="4" ind2="0" tag="856">
         <subfield code="3">MacEwan University Access</subfield>
         <subfield code="u">http://site.ebrary.com/lib/macewan/Doc?id=11017939</subfield>
         <subfield code="z">(Unlimited Concurrent Users)</subfield>
         <subfield code="z">from ebrary Academic Complete</subfield>
      </datafield>
      <datafield ind1="4" ind2="0" tag="856">
         <subfield code="3">Red Deer College Access</subfield>
         <subfield code="u">http://site.ebrary.com/lib/rdcollege/Doc?id=11017939</subfield>
         <subfield code="z">(Unlimited Concurrent Users)</subfield>
         <subfield code="z">from ebrary Academic Complete</subfield>
      </datafield>
      <datafield ind1="4" ind2="0" tag="856">
         <subfield code="3">University of Alberta Access</subfield>
         <subfield code="u">http://dx.doi.org/10.1002/9781119053996</subfield>
         <subfield code="z">(Unlimited Concurrent Users)</subfield>
      </datafield>
      <datafield ind1=" " ind2=" " tag="949">
         <subfield code="h">UAIN</subfield>
         <subfield code="m">CONCORDIA</subfield>
         <subfield code="z">EBCACCN</subfield>
      </datafield>
      <datafield ind1=" " ind2=" " tag="949">
         <subfield code="h">UAIN</subfield>
         <subfield code="m">GPRC_INT</subfield>
         <subfield code="z">EBCACGP</subfield>
      </datafield>
      <datafield ind1=" " ind2=" " tag="949">
         <subfield code="h">UAIN</subfield>
         <subfield code="m">GR_MAC_INT</subfield>
         <subfield code="z">EBCACMAC</subfield>
      </datafield>
      <datafield ind1=" " ind2=" " tag="949">
         <subfield code="h">UAIN</subfield>
         <subfield code="m">RED_DEER_C</subfield>
         <subfield code="z">EBCACRD</subfield>
      </datafield>
      <datafield ind1=" " ind2=" " tag="919">
         <subfield code="a">EBC1895318</subfield>
      </datafield>
      <datafield ind1=" " ind2=" " tag="919">
         <subfield code="a">ebr11017939</subfield>
      </datafield>
      <datafield ind1=" " ind2=" " tag="926">
         <subfield code="a">Internet Access</subfield>
         <subfield code="w">LC</subfield>
         <subfield code="c">1</subfield>
         <subfield code="i">6812147-1001</subfield>
         <subfield code="l">INTERNET</subfield>
         <subfield code="m">UAINTERNET</subfield>
         <subfield code="r">Y</subfield>
         <subfield code="s">Y</subfield>
         <subfield code="t">E-RESOURCE</subfield>
         <subfield code="u">2/25/2015</subfield>
         <subfield code="x">E-BOOK</subfield>
         <subfield code="z">WILEYOL</subfield>
      </datafield>
      <datafield ind1=" " ind2=" " tag="926">
         <subfield code="a">Internet Access</subfield>
         <subfield code="w">LC</subfield>
         <subfield code="c">1</subfield>
         <subfield code="i">6812147-2001</subfield>
         <subfield code="k">DISCARD</subfield>
         <subfield code="l">INTERNET</subfield>
         <subfield code="m">CONCORDIA</subfield>
         <subfield code="r">Y</subfield>
         <subfield code="s">Y</subfield>
         <subfield code="t">E-RESOURCE</subfield>
         <subfield code="u">6/27/2016</subfield>
         <subfield code="x">E-BOOK</subfield>
         <subfield code="z">EBRARYACCN</subfield>
      </datafield>
      <datafield ind1=" " ind2=" " tag="926">
         <subfield code="a">Internet Access</subfield>
         <subfield code="w">LC</subfield>
         <subfield code="c">2</subfield>
         <subfield code="i">6812147-2002</subfield>
         <subfield code="l">INTERNET</subfield>
         <subfield code="m">CONCORDIA</subfield>
         <subfield code="r">Y</subfield>
         <subfield code="s">Y</subfield>
         <subfield code="t">E-RESOURCE</subfield>
         <subfield code="u">3/9/2017</subfield>
         <subfield code="x">E-BOOK</subfield>
         <subfield code="z">EBCACCN</subfield>
      </datafield>
      <datafield ind1=" " ind2=" " tag="926">
         <subfield code="a">Internet Access</subfield>
         <subfield code="w">LC</subfield>
         <subfield code="c">1</subfield>
         <subfield code="i">6812147-3001</subfield>
         <subfield code="k">DISCARD</subfield>
         <subfield code="l">INTERNET</subfield>
         <subfield code="m">GPRC_INT</subfield>
         <subfield code="r">Y</subfield>
         <subfield code="s">Y</subfield>
         <subfield code="t">E-RESOURCE</subfield>
         <subfield code="u">6/27/2016</subfield>
         <subfield code="x">E-BOOK</subfield>
         <subfield code="z">EBRARYACGP</subfield>
      </datafield>
      <datafield ind1=" " ind2=" " tag="926">
         <subfield code="a">Internet Access</subfield>
         <subfield code="w">LC</subfield>
         <subfield code="c">2</subfield>
         <subfield code="i">6812147-3002</subfield>
         <subfield code="l">INTERNET</subfield>
         <subfield code="m">GPRC_INT</subfield>
         <subfield code="r">Y</subfield>
         <subfield code="s">Y</subfield>
         <subfield code="t">E-RESOURCE</subfield>
         <subfield code="u">3/9/2017</subfield>
         <subfield code="x">E-BOOK</subfield>
         <subfield code="z">EBCACGP</subfield>
      </datafield>
      <datafield ind1=" " ind2=" " tag="926">
         <subfield code="a">Internet Access</subfield>
         <subfield code="w">LC</subfield>
         <subfield code="c">1</subfield>
         <subfield code="i">6812147-4001</subfield>
         <subfield code="k">DISCARD</subfield>
         <subfield code="l">INTERNET</subfield>
         <subfield code="m">GR_MAC_INT</subfield>
         <subfield code="r">Y</subfield>
         <subfield code="s">Y</subfield>
         <subfield code="t">E-RESOURCE</subfield>
         <subfield code="u">6/27/2016</subfield>
         <subfield code="x">E-BOOK</subfield>
         <subfield code="z">EBRARYACGM</subfield>
      </datafield>
      <datafield ind1=" " ind2=" " tag="926">
         <subfield code="a">Internet Access</subfield>
         <subfield code="w">LC</subfield>
         <subfield code="c">2</subfield>
         <subfield code="i">6812147-4002</subfield>
         <subfield code="l">INTERNET</subfield>
         <subfield code="m">GR_MAC_INT</subfield>
         <subfield code="r">Y</subfield>
         <subfield code="s">Y</subfield>
         <subfield code="t">E-RESOURCE</subfield>
         <subfield code="u">3/9/2017</subfield>
         <subfield code="x">E-BOOK</subfield>
         <subfield code="z">EBCACMAC</subfield>
      </datafield>
      <datafield ind1=" " ind2=" " tag="926">
         <subfield code="a">Internet Access</subfield>
         <subfield code="w">LC</subfield>
         <subfield code="c">1</subfield>
         <subfield code="i">6812147-5001</subfield>
         <subfield code="k">DISCARD</subfield>
         <subfield code="l">INTERNET</subfield>
         <subfield code="m">RED_DEER_C</subfield>
         <subfield code="r">Y</subfield>
         <subfield code="s">Y</subfield>
         <subfield code="t">E-RESOURCE</subfield>
         <subfield code="u">6/27/2016</subfield>
         <subfield code="x">E-BOOK</subfield>
         <subfield code="z">EBRARYACRD</subfield>
      </datafield>
      <datafield ind1=" " ind2=" " tag="926">
         <subfield code="a">Internet Access</subfield>
         <subfield code="w">LC</subfield>
         <subfield code="c">2</subfield>
         <subfield code="i">6812147-5002</subfield>
         <subfield code="l">INTERNET</subfield>
         <subfield code="m">RED_DEER_C</subfield>
         <subfield code="r">Y</subfield>
         <subfield code="s">Y</subfield>
         <subfield code="t">E-RESOURCE</subfield>
         <subfield code="u">3/9/2017</subfield>
         <subfield code="x">E-BOOK</subfield>
         <subfield code="z">EBCACRD</subfield>
      </datafield>
   </record>
</collection>
